<?xml version="1.0" encoding="UTF-8"?><collection xmlns="http://www.loc.gov/MARC21/slim"><record><leader>00431nam--2200157-i-4500</leader><controlfield tag="001">000014809</controlfield><controlfield tag="002">20161230</controlfield><controlfield tag="005">20170114215100</controlfield><controlfield tag="008">060222s1000------------r-----000-0-eng-d</controlfield><datafield ind1=" " ind2=" " tag="080"><subfield code="a">517.968.21</subfield></datafield><datafield ind1="1" ind2=" " tag="100"><subfield code="a">Badescu, Radu</subfield></datafield><datafield ind1="1" ind2="0" tag="245"><subfield code="a">Introducere in studiul ecuatiilor functionale alternativa lui fredholm</subfield></datafield><datafield ind1=" " ind2=" " tag="260"><subfield code="a">Bucuresti</subfield><subfield code="b">Editura Tehnica</subfield><subfield code="c">1959</subfield></datafield><datafield ind1=" " ind2=" " tag="300"><subfield code="a">240 p</subfield></datafield><datafield ind1=" " ind2=" " tag="852"><subfield code="a">75481</subfield><subfield code="c">517.9</subfield></datafield><datafield ind1=" " ind2=" " tag="CAT"><subfield code="a">SYS</subfield><subfield code="c">20170114</subfield><subfield code="h">215100</subfield></datafield></record></collection>